@misc{BibTeXen2:online,
author = {},
title = {BibTeX entry from URL - Chrome Web Store},
howpublished = {\url{https://chrome.google.com/webstore/detail/bibtex-entry-from-url/mgpmgkhhbjgkpnanlmlhibjfgpdpgjec/related}},
month = {},
year = {}
}